@misc{lam2007compiladores,
  title={Compiladores: Princ{\'\i}pios, T{\'e}cnicas e Ferramentas},
  author={Lam, MS and Sethi, R and Ullman, JD},
  year={2007},
  publisher={Pearson, 2a Edi{\c{c}}{\~a}o}
}

